<?xml version="1.0" encoding="UTF-8"?><record xmlns="http://www.loc.gov/MARC21/slim" xmlns:cinclude="http://apache.org/cocoon/include/1.0" xmlns:zs="http://www.loc.gov/zing/srw/">
  <leader>01021cz  a2200205n  4500</leader>
  <controlfield tag="001">n  80099560 </controlfield>
  <controlfield tag="003">DLC</controlfield>
  <controlfield tag="005">20090214080415.0</controlfield>
  <controlfield tag="008">800807n| acannaabn          |a ana      </controlfield>
  <datafield tag="010" ind1=" " ind2=" ">
    <subfield code="a">n  80099560 </subfield>
  </datafield>
  <datafield tag="035" ind1=" " ind2=" ">
    <subfield code="a">(OCoLC)oca00480507</subfield>
  </datafield>
  <datafield tag="040" ind1=" " ind2=" ">
    <subfield code="a">DLC</subfield>
    <subfield code="b">eng</subfield>
    <subfield code="c">DLC</subfield>
    <subfield code="d">DLC</subfield>
    <subfield code="d">OCoLC</subfield>
  </datafield>
  <datafield tag="110" ind1="1" ind2=" ">
    <subfield code="a">Alberta.</subfield>
    <subfield code="b">Public Affairs Bureau</subfield>
  </datafield>
  <datafield tag="410" ind1="1" ind2=" ">
    <subfield code="a">Alberta.</subfield>
    <subfield code="b">Bureau of Public Affairs</subfield>
  </datafield>
  <datafield tag="410" ind1="1" ind2=" ">
    <subfield code="a">Alberta.</subfield>
    <subfield code="b">Alberta Government Services.</subfield>
    <subfield code="b">Public Affairs Bureau</subfield>
  </datafield>
  <datafield tag="510" ind1="1" ind2=" ">
    <subfield code="a">Alberta.</subfield>
    <subfield code="b">Publicity Bureau</subfield>
  </datafield>
  <datafield tag="510" ind1="1" ind2=" ">
    <subfield code="a">Alberta.</subfield>
    <subfield code="b">Public Affairs Division</subfield>
  </datafield>
  <datafield tag="670" ind1=" " ind2=" ">
    <subfield code="a">Its Publications catalogue ... 1973-</subfield>
  </datafield>
  <datafield tag="670" ind1=" " ind2=" ">
    <subfield code="a">Its Table of Alberta legislation, July 1983:</subfield>
    <subfield code="b">cover (Alberta, Public Affairs Bureau)</subfield>
  </datafield>
  <datafield tag="670" ind1=" " ind2=" ">
    <subfield code="a">NLC 14/9/84</subfield>
    <subfield code="b">(AACR 2: Alberta. Public Affairs Bureau; Establ. in Feb. 1972 when it absorbed the functions of the former Publicity Bureau. Name changed Aug. 20, 1975 to Public Affairs Division. Reverted 1977/78 to Public Affairs Bureau. Became an independent body in Nov. 1982 when Alberta Government Services ceased to exist)</subfield>
  </datafield>
</record>